@article{keip2009dokumentation,
  title={"Dokumentation von Versuchen zur Personenstromdynamik"},
  author={Keip, C and Ries, K},
  journal={Project Hermes, Bergische Universit{\"a}t Wuppertal, Tech. Rep},
  year={2009}
}

@article{tordeux2020prediction,
  title={Prediction of pedestrian dynamics in complex architectures with artificial neural networks},
  author={Tordeux, Antoine and Chraibi, Mohcine and Seyfried, Armin and Schadschneider, Andreas},
  journal={Journal of intelligent transportation systems},
  volume={24},
  number={6},
  pages={556--568},
  year={2020},
  publisher={Taylor \& Francis}
}

@article{korbmacher2022review,
  title={Review of pedestrian trajectory prediction methods: Comparing deep learning and knowledge-based approaches},
  author={Korbmacher, Raphael and Tordeux, Antoine},
  journal={IEEE Transactions on Intelligent Transportation Systems},
  year={2022},
  publisher={IEEE}
}

@article{henderson1971statistics,
  title={The statistics of crowd fluids},
  author={Henderson, LF},
  journal={nature},
  volume={229},
  number={5284},
  pages={381--383},
  year={1971},
  publisher={Nature Publishing Group UK London}
}

@article{henderson1974fluid,
  title={On the fluid mechanics of human crowd motion},
  author={Henderson, Leroy F},
  journal={Transportation research},
  volume={8},
  number={6},
  pages={509--515},
  year={1974},
  publisher={Elsevier}
}

@article{weidmann1993transporttechnik,
  title={Transporttechnik der fu{\ss}g{\"a}nger: transporttechnische eigenschaften des fu{\ss}g{\"a}ngerverkehrs, literaturauswertung},
  author={Weidmann, Ulrich},
  journal={IVT Schriftenreihe},
  volume={90},
  year={1993},
  publisher={ETH Zurich}
}

@misc{martens2020optimizing,
      title={Optimizing Neural Networks with Kronecker-factored Approximate Curvature}, 
      author={James Martens and Roger Grosse},
      year={2020},
      eprint={1503.05671},
      archivePrefix={arXiv},
      primaryClass={cs.LG}
}

@phdthesis{kladek1966geschwindigkeitscharakteristik,
  title={{\"U}ber die Geschwindigkeitscharakteristik auf Stadtstra{\ss}enabschnitten},
  author={Kladek, Horst},
  year={1966}
}

@article{treiber2013traffic,
  title={Traffic flow dynamics},
  author={Treiber, Martin and Kesting, Arne},
  journal={Traffic Flow Dynamics: Data, Models and Simulation, Springer-Verlag Berlin Heidelberg},
  pages={983--1000},
  year={2013},
  publisher={Springer}
}

@inproceedings{von2020combining,
  title={Combining machine learning and simulation to a hybrid modelling approach: Current and future directions},
  author={von Rueden, Laura and Mayer, Sebastian and Sifa, Rafet and Bauckhage, Christian and Garcke, Jochen},
  booktitle={Advances in Intelligent Data Analysis XVIII: 18th International Symposium on Intelligent Data Analysis, IDA 2020, Konstanz, Germany, April 27--29, 2020, Proceedings 18},
  pages={548--560},
  year={2020},
  organization={Springer}
}

@article{antonucci2020generating,
  title={Generating reliable and efficient predictions of human motion: A promising encounter between physics and neural networks},
  author={Antonucci, Alessandro and Papini, Gastone Pietro Rosati and Palopoli, Luigi and Fontanelli, Daniele},
  journal={arXiv preprint arXiv:2006.08429},
  year={2020}
}

@article{willard2022integrating,
  title={Integrating scientific knowledge with machine learning for engineering and environmental systems},
  author={Willard, Jared and Jia, Xiaowei and Xu, Shaoming and Steinbach, Michael and Kumar, Vipin},
  journal={ACM Computing Surveys},
  volume={55},
  number={4},
  pages={1--37},
  year={2022},
  publisher={ACM New York, NY}
}

@article{gottlich2020artificial,
  title={Artificial neural networks for the estimation of pedestrian interaction forces},
  author={G{\"o}ttlich, Simone and Knapp, Stephan},
  journal={Crowd Dynamics, Volume 2: Theory, Models, and Applications},
  pages={11--32},
  year={2020},
  publisher={Springer}
}

@article{everett2021collision,
  title={Collision avoidance in pedestrian-rich environments with deep reinforcement learning},
  author={Everett, Michael and Chen, Yu Fan and How, Jonathan P},
  journal={IEEE Access},
  volume={9},
  pages={10357--10377},
  year={2021},
  publisher={IEEE}
}

