@book{rimea2016,
  author        = "RiMEA",
  title         = "Guideline for Microscopic Evacuation Analysis",
  publisher     = "RiMEA e.V",
  edition       = "3.0.0 edition",
  year          = "2016"
}

@article{helbing1995social,
  title={Social force model for pedestrian dynamics},
  author={Helbing, Dirk and Molnar, Peter},
  journal={Physical review E},
  volume={51},
  number={5},
  pages={4282},
  year={1995},
  publisher={APS}
}

@article{seitz2012natural,
  title={Natural discretization of pedestrian movement in continuous space},
  author={Seitz, Michael J and K{\"o}ster, Gerta},
  journal={Physical Review E},
  volume={86},
  number={4},
  pages={046108},
  year={2012},
  publisher={APS}
}

@article{dietrich2014gradient,
  title={Gradient navigation model for pedestrian dynamics},
  author={Dietrich, Felix and K{\"o}ster, Gerta},
  journal={Physical Review E},
  volume={89},
  number={6},
  pages={062801},
  year={2014},
  publisher={APS}
}

@book{sethian1999level,
  title={Level set methods and fast marching methods},
  author={Sethian, James A and others},
  volume={98},
  year={1999},
  publisher={Cambridge Cambridge UP}
}

@book{boccara2010model,
  title={Modeling Complex Systems},
  author={Boccara, Nino},
  year={2010},
  edition={2nd},
  publisher={Springer}
}

@misc{wolfram2020,
  author        = "Christopher Wolfram",
  title         = "Agent-Based Network Models for COVID-19",
  year          = "2023 [Online]",
  month         = "Nov. 11,",
  url           = "https://community.wolfram.com/groups/-/m/t/1907703"
}

@article{berry2013,
  title={Time-Scale Separation from Diffusion Mapped Delay Coordinates},
  author={Berry et. al.},
  journal={SIAM J. Applied Dynamical Systems},
  volume={12},
  number={2},
  pages={618-649},
  year={2013},
  publisher={Society for Industrial and Applied Mathematics}
}

@article{roozemond2021,
  title={Dimensional Reduction using Diffusion Maps},
  author={Roozemond, E. S.},
  journal={U.U.D.M. Project Report},
  volume={},
  number={},
  pages={},
  year={2021},
  publisher={Uppsala Universitet}
}

@article{kingma2013auto,
  title={Auto-encoding variational bayes},
  author={Kingma, Diederik P and Welling, Max},
  journal={arXiv preprint arXiv:1312.6114},
  year={2013}
}

@article{kullback1951information,
  title={On information and sufficiency},
  author={Kullback, Solomon and Leibler, Richard A},
  journal={The annals of mathematical statistics},
  volume={22},
  number={1},
  pages={79--86},
  year={1951},
  publisher={JSTOR}
}

@article{mcinnes2018umap,
  title={Umap: Uniform manifold approximation and projection for dimension reduction},
  author={McInnes, Leland and Healy, John and Melville, James},
  journal={arXiv preprint arXiv:1802.03426},
  year={2018}
}

@inproceedings{higgins2016beta,
  title={beta-vae: Learning basic visual concepts with a constrained variational framework},
  author={Higgins, Irina and Matthey, Loic and Pal, Arka and Burgess, Christopher and Glorot, Xavier and Botvinick, Matthew and Mohamed, Shakir and Lerchner, Alexander},
  booktitle={International conference on learning representations},
  year={2016}
}