@book{rimea2016,
  author        = "RiMEA",
  title         = "Guideline for Microscopic Evacuation Analysis",
  publisher     = "RiMEA e.V",
  edition       = "3.0.0 edition",
  year          = "2016"
}

@article{helbing1995social,
  title={Social force model for pedestrian dynamics},
  author={Helbing, Dirk and Molnar, Peter},
  journal={Physical review E},
  volume={51},
  number={5},
  pages={4282},
  year={1995},
  publisher={APS}
}

@article{seitz2012natural,
  title={Natural discretization of pedestrian movement in continuous space},
  author={Seitz, Michael J and K{\"o}ster, Gerta},
  journal={Physical Review E},
  volume={86},
  number={4},
  pages={046108},
  year={2012},
  publisher={APS}
}

@article{dietrich2014gradient,
  title={Gradient navigation model for pedestrian dynamics},
  author={Dietrich, Felix and K{\"o}ster, Gerta},
  journal={Physical Review E},
  volume={89},
  number={6},
  pages={062801},
  year={2014},
  publisher={APS}
}

@book{sethian1999level,
  title={Level set methods and fast marching methods},
  author={Sethian, James A and others},
  volume={98},
  year={1999},
  publisher={Cambridge Cambridge UP}
}

@book{boccara2010model,
  title={Modeling Complex Systems},
  author={Boccara, Nino},
  year={2010},
  edition={2nd},
  publisher={Springer}
}

@misc{wolfram2020,
  author        = "Christopher Wolfram",
  title         = "Agent-Based Network Models for COVID-19",
  year          = "2023 [Online]",
  month         = "Nov. 11,",
  url           = "https://community.wolfram.com/groups/-/m/t/1907703"
}