@book{rimea2016,
  author        = "RiMEA",
  title         = "Guideline for Microscopic Evacuation Analysis",
  publisher     = "RiMEA e.V",
  edition       = "3.0.0 edition",
  year          = "2016"
}