@book{rimea2016,
  author        = "RiMEA",
  title         = "Guideline for Microscopic Evacuation Analysis",
  publisher     = "RiMEA e.V",
  edition       = "3.0.0 edition",
  year          = "2016"
}

@article{tordeux2020prediction,
  title={Prediction of pedestrian dynamics in complex architectures with artificial neural networks},
  author={Tordeux, Antoine and Chraibi, Mohcine and Seyfried, Armin and Schadschneider, Andreas},
  journal={Journal of intelligent transportation systems},
  volume={24},
  number={6},
  pages={556--568},
  year={2020},
  publisher={Taylor \& Francis}
}

@article{korbmacher2022review,
  title={Review of pedestrian trajectory prediction methods: Comparing deep learning and knowledge-based approaches},
  author={Korbmacher, Raphael and Tordeux, Antoine},
  journal={IEEE Transactions on Intelligent Transportation Systems},
  year={2022},
  publisher={IEEE}
}

