@book{rimea2016,
  author        = "RiMEA",
  title         = "Guideline for Microscopic Evacuation Analysis",
  publisher     = "RiMEA e.V",
  edition       = "3.0.0 edition",
  year          = "2016"
}

@article{helbing1995social,
  title={Social force model for pedestrian dynamics},
  author={Helbing, Dirk and Molnar, Peter},
  journal={Physical review E},
  volume={51},
  number={5},
  pages={4282},
  year={1995},
  publisher={APS}
}

@article{seitz2012natural,
  title={Natural discretization of pedestrian movement in continuous space},
  author={Seitz, Michael J and K{\"o}ster, Gerta},
  journal={Physical Review E},
  volume={86},
  number={4},
  pages={046108},
  year={2012},
  publisher={APS}
}

@article{dietrich2014gradient,
  title={Gradient navigation model for pedestrian dynamics},
  author={Dietrich, Felix and K{\"o}ster, Gerta},
  journal={Physical Review E},
  volume={89},
  number={6},
  pages={062801},
  year={2014},
  publisher={APS}
}

@book{sethian1999level,
  title={Level set methods and fast marching methods},
  author={Sethian, James A and others},
  volume={98},
  year={1999},
  publisher={Cambridge Cambridge UP}
}

@book{boccara2010model,
  title={Modeling Complex Systems},
  author={Boccara, Nino},
  year={2010},
  edition={2nd},
  publisher={Springer}
}

@misc{wolfram2020,
  author        = "Christopher Wolfram",
  title         = "Agent-Based Network Models for COVID-19",
  year          = "2023 [Online]",
  month         = "Nov. 11,",
  url           = "https://community.wolfram.com/groups/-/m/t/1907703"
}

@book{Kuznetsov1998,
  added-at = {2011-03-31T11:59:05.000+0200},
  address = {Berlin},
  author = {Kuznetsov, Yuri A.},
  biburl = {https://www.bibsonomy.org/bibtex/21011687caf089b939c9524c0d70d5a5d/rincedd},
  edition = 2,
  groups = {public},
  interhash = {162b90bc3c1ad1722f29b22e02e920a0},
  intrahash = {1011687caf089b939c9524c0d70d5a5d},
  isbn = {978-0387983820},
  keywords = {bifurcation dynamical-system phase-transition},
  number = 112,
  publisher = {Springer},
  series = {Applied Mathematical Sciences},
  timestamp = {2011-03-31T11:59:05.000+0200},
  title = {Elements of applied bifurcation theory},
  username = {rincedd},
  year = 1998
}

@article{shan2014bifurcations,
  title={Bifurcations and complex dynamics of an SIR model with the impact of the number of hospital beds},
  author={Shan, Chunhua and Zhu, Huaiping},
  journal={Journal of Differential Equations},
  volume={257},
  number={5},
  pages={1662--1688},
  year={2014},
  publisher={Elsevier}
}

@misc{rosales2004hopf,
  author        = "Prof. Rudolfo Rosales",
  title         = "Hopf Bifurcations",
  year          = "2023 [Online]",
  month         = "Dec. 13,",
  url           = "https://ocw.mit.edu/courses/18-385j-nonlinear-dynamics-and-chaos-fall-2004/resources/hopfbif/"
}

@article{van2002reproduction,
  title={Reproduction numbers and sub-threshold endemic equilibria for compartmental models of disease transmission},
  author={Van den Driessche, Pauline and Watmough, James},
  journal={Mathematical biosciences},
  volume={180},
  number={1-2},
  pages={29--48},
  year={2002},
  publisher={Elsevier}
}

@book{gleick2008chaos,
  title={Chaos: Making a new science},
  author={Gleick, James},
  year={2008},
  publisher={Penguin}
}

@book{strogatz2018nonlinear,
  title={Nonlinear dynamics and chaos with student solutions manual: With applications to physics, biology, chemistry, and engineering},
  author={Strogatz, Steven H},
  year={2018},
  publisher={CRC press}
}

@book{hirsch2012differential,
  title={Differential equations, dynamical systems, and an introduction to chaos},
  author={Hirsch, Morris W and Smale, Stephen and Devaney, Robert L},
  year={2012},
  publisher={Academic press}
}
@article{lorenz1963deterministic,
  title={Deterministic nonperiodic flow},
  author={Lorenz, Edward N},
  journal={Journal of atmospheric sciences},
  volume={20},
  number={2},
  pages={130--141},
  year={1963}
}
